2430 4114
868 346 1215 388 Praefatio,
1716 398 1718 401 Α
1801 350 1962 399 XLIX

128 507 241 555 atus
290 505 383 554 est.
432 501 553 554 Otto
601 502 778 552 deinde
826 501 1087 552 Guenther
1130 502 1364 567 plagulas
1412 502 1614 567 exigens
1667 504 1962 567 typothetae

129 590 311 640 siluam
353 588 569 639 contulit
614 587 1030 637 obseruationum
1076 601 1237 650 neque
1283 586 1458 651 paucis
1500 587 1752 651 eleganter
1790 589 1965 637 attulit

126 674 393 725 medelam.
443 673 689 723 Guilelmi
734 687 853 722 uero
903 672 961 721 de
1008 670 1186 722 Hartel
1232 671 1329 720 uiri
1376 671 1644 721 clarissimi
1692 673 1874 722 anxilio
1916 676 1966 722 et

129 760 339 811 consilio
391 759 443 808 in
491 758 790 822 colligendis
843 757 1077 806 codicum
1133 756 1497 820 speciminibus
1554 757 1965 821 excutiendisque

127 847 270 896 libris
326 859 524 909 semper
575 843 652 892 uti
706 843 865 906 potui.
930 857 1027 905 quo
1087 841 1428 892 intercedente
1482 842 1577 891 uiri
1633 842 1785 902 docti,
1842 859 1966 906 quos

127 932 228 981 iam
269 946 421 995 supra
457 929 732 988 nominaui,
775 928 985 978 Carolus
1035 930 1084 977 et
1130 927 1381 977 Henricus
1424 927 1658 989 Schenkl,
1698 927 1966 991 Augustus

127 1015 378 1075 Habeida,
402 1014 653 1065 Antonius
688 1013 950 1073 Swoboda‚
980 1013 1038 1063 R.
1069 1012 1122 1063 C.
1151 1012 1375 1073 Kukula‚
1402 1013 1653 1061 Aemilius
1679 1012 1967 1076 Kroymann

128 1103 177 1152 in
217 1101 383 1152 Niesii
420 1101 504 1150 uel
541 1116 712 1149 meum
750 1115 902 1148 usum
944 1096 1143 1148 codices
1184 1100 1271 1147 aut
1308 1098 1633 1162 inspexerunt
1672 1100 1757 1147 aut
1798 1114 1969 1146 excus-

132 1189 317 1238 serunt.
358 1187 416 1235 de
454 1186 597 1235 libris
639 1185 852 1249 denique
893 1184 1026 1249 apud
1059 1199 1111 1232 se
1145 1183 1458 1233 conseruatis
1491 1182 1858 1232 humanissime
1890 1199 1969 1231 me

132 1274 442 1323 accuratiora
481 1271 762 1321 docuerunt
798 1270 1097 1319 Franciscus
1138 1268 1287 1319 Carta
1327 1269 1606 1318 aduocatus
1646 1268 1971 1317 Taurinensis

129 1358 467 1409 bibliothecae
513 1357 818 1422 praefectus,
872 1355 1122 1406 Adrianus
1168 1353 1502 1405 Piccolomini
1550 1354 1807 1417 professor
1855 1353 1971 1402 Cae-

134 1460 301 1506 301133,
364 1442 530 1494 Guido
592 1442 741 1508 Biagi
801 1440 1163 1492 Laurentianae
1233 1440 1588 1490 celeberrimae
1656 1440 1970 1503 praefectus,

132 1530 179 1579 J.
220 1530 277 1580 P.
322 1528 497 1580 Gilson
539 1528 734 1592 collega
772 1526 1121 1577 LondinensiS.
1163 1525 1347 1590 quibus
1390 1524 1623 1574 omnibus
1665 1539 1788 1587 quas
1831 1523 1975 1573 decet

135 1631 227 1682 ago
269 1615 473 1682 gratias,

209 1770 503 1822 Scribebam
547 1769 779 1835 Steglicii
825 1784 981 1834 prope
1020 1767 1315 1818 Berolinum
1356 1781 1526 1815 mense
1567 1765 1711 1815 lunio
1753 1781 1794 1814 a.
1839 1764 1971 1812 1807

1283 1965 1516 2021 Carolus
1568 1965 1804 2034 Bopssen.

194 3594 370 3625 XXXVII.
395 3593 572 3631 Iosephus
596 3600 680 3629 pars
704 3592 734 3622 6.
1891 3564 1917 3605 d
