2430 4114
880 272 1227 317 Praefatio.
1784 286 1974 337 XXXV

135 427 423 478 Christiana
470 427 625 493 (apud
671 428 1125 480 Montefalconium
1172 431 1222 481 in
1271 434 1567 484 coHectione
1607 452 1737 486 noua
1775 441 1973 502 patrum

135 515 186 562 et
225 512 531 576 scriptorum
566 512 874 564 Graecorum
912 515 1014 566 uol.
1047 514 1118 582 II)
1151 517 1201 566 in
1234 534 1384 567 usum
1419 535 1567 569 suum
1603 526 1973 574 conuerterunt.

135 598 348 663 denique
397 614 454 649 ex
498 599 642 649 libris
683 599 943 650 Flauianis
993 602 1116 651 satis
1157 604 1320 652 multa
1357 606 1589 654 tenemus
1628 606 1676 654 in
1715 608 1973 672 Excerptis

132 685 467 735 Peirescianis
537 701 593 734 ex
663 685 982 736 Constantini
1048 688 1470 754 Porphyrogeniti
1538 691 1857 742 collectaneis
1916 695 1974 744 de

132 770 414 821 uirtutibus
457 774 507 820 et
545 771 707 832 uitiis,
751 787 877 834 quae
918 788 974 821 ex
1017 773 1189 823 codice
1231 774 1511 824 Turonensi
1549 777 1711 826 Iulius
1752 778 1974 827 Wolleu-

130 856 255 922 berg
295 871 409 906 cum
452 857 671 907 editione
710 857 1022 907 Bekkeriana
1062 859 1247 908 collata
1286 876 1411 911 anno
1449 862 1579 909 1871.
1617 862 1687 925 (in
1721 878 1973 926 program-

130 944 264 991 mate
314 942 566 1007 gymnasii
610 942 981 1007 Francogallici
1026 944 1392 1011 Berolinensis)
1438 946 1630 1010 publici
1675 947 1798 996 iuris
1838 948 1972 996 fecit.

128 1027 188 1077 de
230 1027 309 1077 his
352 1027 588 1078 omnibus
631 1043 745 1077 cum
782 1029 989 1078 Niesius
1030 1029 1079 1078 in
1134 1029 1442 1093 praefatione
1488 1032 1641 1080 tomis
1697 1033 1869 1095 quinto
1925 1036 1974 1081 et

129 1115 306 1177 quarto
365 1129 573 1178 operum
628 1114 834 1179 Iosephi
887 1115 1167 1179 praemissa
1221 1119 1454 1165 accurate
1510 1117 1822 1177 disseruerit,
1878 1134 1970 1182 ego

131 1198 336 1262 quidem
384 1199 492 1249 sola
539 1199 648 1249 eius
699 1200 920 1249 editione
960 1201 1032 1250 ita
1072 1216 1185 1250 sum
1224 1217 1368 1262 usus,
1408 1204 1467 1250 ut
1505 1203 1694 1265 ubique
1733 1204 1971 1253 lectorem

128 1284 191 1334 ad
231 1285 338 1334 eius
382 1285 440 1334 de
484 1285 676 1336 Graeco
717 1288 858 1335 textu
899 1286 1254 1336 testimonium
1293 1287 1564 1336 remissum
1603 1289 1774 1338 uelim.

194 1371 331 1420 Inter
364 1371 642 1421 Eusebium
678 1374 847 1420 autem
882 1372 1209 1435 codicemque
1242 1373 1637 1422 Laurentianum
1670 1373 1716 1422 A
1750 1374 1973 1422 medium.

125 1457 227 1506 fere
274 1457 445 1506 locuni
492 1459 667 1506 tenent
713 1458 960 1521 Excerpta
1006 1458 1341 1508 Peiresciana.
1406 1474 1618 1522 quorum
1667 1460 1727 1508 ad
1776 1462 1968 1508 textum

125 1558 241 1591 cum
313 1544 480 1593 uersio
550 1543 729 1592 Latina
792 1546 897 1592 tani
952 1560 1106 1609 prope
1178 1545 1401 1604 accedat,
1457 1547 1514 1594 ut
1584 1545 1799 1609 gemello
1869 1548 1971 1593 fere

124 1629 274 1677 fratre
339 1629 528 1679 codicis
592 1629 719 1689 eiuS‚
784 1645 881 1692 quo
940 1630 1299 1679 Constantinus
1363 1631 1630 1695 Augustus
1692 1632 1969 1695 Porphyre-

126 1714 346 1778 genitUS‚
401 1730 526 1764 usus
598 1730 710 1764 esse
779 1715 1015 1764 uideatur
1091 1717 1283 1765 amicus
1342 1716 1650 1776 Cassiodmi„
1715 1732 1772 1765 ea
1838 1732 1969 1766 nuuc

123 1801 272 1864 paulo
307 1801 595 1851 accuratius
621 1801 747 1850 mihi
776 1804 894 1851 sunt
928 1802 1269 1863 examinanda,
1302 1805 1360 1851 ut
1391 1802 1727 1866 perspiciatur
1751 1802 1969 1864 primum

127 1901 228 1950 qua
293 1886 485 1936 ratione
549 1888 599 1935 et
663 1887 721 1936 ab
781 1887 1003 1936 Eusebio
1072 1890 1122 1936 et
1189 1903 1215 1936 a
1278 1887 1450 1936 codice
1511 1887 1556 1935 Λ
1620 1887 1797 1946 distet,
1859 1890 1968 1934 tum

125 1987 244 2022 uero
302 1987 400 2036 qua
456 1975 560 2022 arte
610 1975 660 2022 et
708 1989 805 2037 qua
846 1973 1074 2022 doctrina
1112 1973 1373 2037 praeditus
1415 1974 1661 2037 interpres
1705 1988 1828 2035 opus
1872 1972 1968 2021 sibi

123 2058 443 2122 propositum
497 2061 763 2109 exsecutus
819 2059 900 2119 sit,
958 2062 1200 2124 quantum
1249 2075 1325 2108 res
1373 2059 1553 2122 poscit,
1608 2058 1963 2123 inuestigetui:

124 2146 294 2192 extant
339 2145 497 2209 igitur
544 2159 670 2208 quae
719 2160 745 2193 a
790 2161 838 2209 p.
883 2146 999 2205 109,
1046 2147 1069 2193 1
1123 2160 1282 2208 usque
1331 2144 1392 2192 ad
1439 2161 1483 2208 p.
1530 2146 1645 2203 112,
1690 2146 1711 2193 1
1767 2144 1815 2191 in
1856 2159 1966 2191 uer-

124 2230 265 2279 sione
312 2229 490 2279 Lat-ina
542 2231 786 2294 leguntur
836 2232 886 2279 et
930 2230 978 2279 in
1029 2230 1201 2280 codice
1241 2228 1289 2277 A
1330 2233 1379 2279 et
1427 2229 1559 2292 apud
1598 2229 1874 2278 Eusebium
1918 2231 1966 2277 et

121 2315 170 2364 in
211 2315 472 2379 Excerptis
512 2315 865 2376 Peirescianis,
907 2331 963 2364 ex
1004 2316 1188 2379 quibus
1230 2315 1534 2380 grauissima
1572 2315 1701 2364 inter
1741 2330 1791 2362 se
1834 2329 1965 2362 com-

122 2404 296 2466 parata.
333 2417 466 2451 nunc
504 2402 780 2451 lectoribus
822 2402 915 2451 sub
958 2402 1134 2452 oculos
1176 2402 1345 2450 mitto:
