2430 4114
705 933 1364 1019 PRAEFATIO.

192 1244 317 1295 Cum
379 1243 545 1293 Flauii
605 1242 809 1306 Iosephi
871 1258 1078 1307 operum
1139 1243 1425 1292 uersionem
1493 1243 1769 1306 antiquam,
1833 1259 1959 1307 quae

119 1330 275 1395 uulgo
316 1329 494 1379 Rufino
534 1328 848 1392 Aquileiensi
894 1328 1152 1388 tribuitur,
1193 1328 1468 1377 Academia
1512 1328 1798 1377 litterarum
1841 1328 1958 1378 Cae-

119 1432 257 1466 sarea
296 1415 701 1464 Vindobonensis
741 1415 870 1464 111161
909 1414 1178 1479 scriptores
1220 1414 1593 1464 ecclesiasticos
1633 1414 1838 1463 Latinos
1880 1414 1958 1464 edi

118 1501 370 1562 iussisset,
404 1501 624 1566 primum
665 1501 869 1565 quidem
912 1500 1313 1550 Benedictus
1355 1500 1545 1549 Niese
1580 1502 1776 1564 praeter
1809 1498 1959 1549 Grae-

118 1602 230 1636 cum
271 1590 465 1636 textum
504 1587 867 1636 recensendum
908 1587 1000 1636 hac
1042 1602 1243 1650 1111011116
1286 1601 1434 1650 opera
1467 1588 1669 1635 strenue
1704 1588 1958 1650 suscepta.

119 1673 238 1721 dum
293 1675 406 1722 ante
462 1673 680 1736 quinque
733 1673 896 1721 lustra
945 1672 993 1721 in
1041 1672 1365 1721 bibliothecis
1413 1672 1604 1721 Italicis
1653 1674 1701 1721 et
1750 1671 1959 1721 Gallicis

120 1757 327 1808 Graecis
373 1758 577 1823 Iosephi
622 1759 766 1808 libris
813 1758 1173 1822 manuscriptis
1227 1757 1450 1818 incubat,
1498 1758 1703 1807 Latinos
1760 1773 1959 1822 1111011116

117 1844 270 1895 libros
311 1844 533 1909 potiores
574 1847 661 1894 aut
700 1844 948 1908 excerpsit
988 1847 1074 1892 aut
1115 1844 1337 1893 excussit
1377 1847 1426 1893 et
1463 1847 1640 1908 postea
1688 1843 1960 1893 editionem

121 1930 364 1981 Graecam
431 1945 613 1994 parans
683 1930 838 1979 simul
905 1929 957 1978 in
1019 1932 1213 1979 textum
1276 1931 1513 1979 Latinum
1576 1929 1957 1978 examinamlnm

119 2017 341 2065 multum
404 2015 631 2065 studium
696 2016 926 2065 contulit.
992 2016 1169 2065 deinde
1232 2019 1401 2065 autem
1461 2031 1571 2065 cum
1628 2015 1712 2064 ille
1769 2015 1960 2065 diutius

122 2116 272 2166 111111111
324 2102 492 2150 11011111
538 2099 846 2151 Graecorum
899 2101 1143 2151 librorum
1196 2101 1487 2151 recensione
1542 2103 1812 2156 teneretur,
1869 2116 1960 2166 ego

122 2203 240 2237 uero
301 2187 350 2235 111
418 2187 561 2236 libris
630 2187 990 2251 manuscriptis
1059 2187 1326 2252 praecipue
1388 2186 1579 2236 Latinis
1652 2186 1961 2236 excutiendis

123 2272 396 2337 Gottingae
430 2275 479 2322 et
510 2273 771 2338 Marpurgi
804 2273 992 2323 sodalis
1027 2273 1072 2322 ei
1106 2273 1389 2322 extitissem
1423 2273 1690 2336 studiaque
1723 2272 1965 2322 Flauiana

122 2358 452 2420 adamassem,
519 2360 640 2407 mihi
704 2375 819 2409 cum
881 2361 1040 2410 amice
1101 2359 1371 2424 persuasit,
1434 2362 1490 2408 ut
1552 2359 1612 2408 ad
1678 2359 1964 2408 uei-sionem

121 2443 352 2493 Latinam
392 2444 631 2494 edendam
673 2445 782 2509 ipse
823 2446 1127 2505 accederem,
1168 2448 1275 2495 tum
1317 2445 1562 2495 beneuole
1603 2444 1869 2504 concessit,
1908 2447 1965 2492 ut

125 2532 366 2593 apparatu
405 2530 503 2579 iam
547 2532 757 2582 collecto
799 2532 955 2581 libere
996 2536 1174 2581 uterer.

195 2615 362 2665 Huius
418 2617 651 2667 editionis
706 2634 837 2667 nunc
889 2619 1103 2681 primam
1158 2617 1361 2682 quidem
1415 2616 1715 2681 particulam
1763 2615 1965 2680 Iosephi

121 2700 366 2750 librorum
427 2702 640 2752 duorum
702 2706 875 2753 contra
926 2704 1172 2768 Apionem
1234 2703 1518 2753 uersionem
1582 2701 1964 2752 Cassiodoream

125 2786 462 2836 continentem
501 2789 695 2852 publici
732 2790 856 2839 iuris
896 2790 1041 2839 facio,
1084 2790 1265 2855 quodsi
1311 2790 1472 2839 totius
1515 2788 1678 2852 operis
1726 2787 1963 2836 uolumen

127 2874 324 2920 sextum
376 2873 536 2937 primo
590 2874 700 2925 loco
757 2875 906 2935 edidi,
962 2891 1057 2925 non
1110 2876 1275 2926 solum
1322 2880 1587 2939 propterea
1631 2873 1824 2922 factum
1873 2878 1964 2926 631,

128 2957 262 3020 quod
307 2957 457 3008 nimis
506 2959 710 3011 difficile
759 2964 865 3010 erat
908 2961 1052 3011 breui
1091 2964 1317 3026 tempore
1359 2961 1592 3011 codicum
1631 2958 1964 3022 Antiquitatis

125 3042 359 3092 Iudaicae
378 3043 479 3093 fere
507 3045 840 3096 ducentorum
865 3047 1142 3112 specimina
1168 3047 1423 3112 colligere,
1456 3046 1542 3095 sed
1570 3045 1722 3095 etiam
1750 3059 1804 3094 eo
1834 3043 1966 3107 quod

126 3127 333 3178 libellus
381 3129 440 3179 de
488 3134 746 3182 uetustate
793 3132 1094 3182 Iudaeorum
1141 3134 1362 3197 pessime
1408 3132 1626 3182 traditus
1668 3134 1717 3180 et
1755 3129 1967 3178 maxime

129 3216 232 3263 arte
272 3215 447 3265 critica
483 3216 708 3282 indigere
749 3220 798 3268 et
835 3222 1039 3284 propter
1077 3219 1361 3285 argumenti
1407 3216 1794 3268 delectationem
1841 3214 1969 3263 desi-

130 3299 290 3349 derari
328 3301 609 3352 uidebatur.
650 3305 846 3355 accedit
886 3307 1020 3371 quod
1061 3307 1121 3356 ad
1159 3306 1313 3355 uerba
1351 3304 1555 3367 Ioseplii
1597 3302 1788 3353 Graeca
1825 3299 1969 3348 resti-

129 3385 316 3446 tuenda
375 3387 425 3436 in
486 3389 629 3440 libris
682 3390 924 3456 Apioneis
984 3391 1253 3458 praecipua
1314 3393 1392 3441 est
1451 3387 1700 3439 uersionis
1762 3384 1967 3434 Latinae

131 3471 344 3532 utilitas,
386 3488 512 3537 quae
551 3475 755 3540 quidem
795 3478 904 3527 sola
940 3477 1057 3528 libri
1103 3477 1312 3528 secundi
1342 3477 1535 3540 partem
1570 3472 1705 3524 haud
1737 3470 1968 3535 exiguam

175 3595 353 3626 xxxvn.
380 3595 555 3631 losephus
578 3602 662 3632 pars
686 3593 717 3623 6.
1889 3566 1911 3592 a
