2430 4114
918 367 1267 410 Praefatio.
1940 374 2015 423 HI

172 526 303 578 tinet
353 524 558 589 Iosephi
602 524 938 589 Antiquitatis
985 524 1219 574 Iudaicae
1275 523 1430 575 libros
1478 525 1588 583 XX,
1639 528 1811 575 contra
1864 526 2016 591 Apio-

174 625 287 660 nem
355 610 512 660 libros
567 610 631 668 H,
690 609 749 659 de
803 610 937 661 bello
993 610 1199 660 Iudaico
1263 611 1448 660 librum
1513 611 1733 675 primum
1802 628 2018 677 eumque

174 696 542 760 imperfectum.
584 696 808 745 omnium
849 695 1082 746 codicum
1115 695 1202 759 qui
1233 699 1463 746 nostrum
1493 681 1727 746 libellum
1761 698 2017 749 continent

174 783 254 831 est
305 780 692 845 antiquissimus
748 780 968 844 quidem,
1024 781 1112 831 sed
1174 781 1375 831 exhibet
1435 785 1630 833 textum
1692 784 2014 834 lacunosum:

173 866 358 916 desunt
411 865 542 915 enim
588 868 787 929 praeter
833 866 1015 915 damna
1059 866 1254 917 minora
1302 868 1484 927 omnia,
1538 883 1664 932 quae
1704 884 1732 918 a
1769 885 1816 933 p.
1859 871 1941 928 oi,
1985 871 2015 918 9

163 968 261 1014 pro
307 980 374 986 --
420 967 468 1014 p.
522 951 602 1009 71,
654 952 716 1000 13
766 950 1045 1013 indifferent
1092 951 1135 1018 (I
1183 953 1209 1017 ξ
1260 952 1566 1021 272-318)
1614 957 1664 1004 et
1703 970 1730 1004 a
1768 970 1817 1019 p.
1861 957 1942 1007 74.
1984 957 2012 1001 Γ)

170 1036 385 1084 cclc‘ormn
424 1065 491 1071 ——
529 1052 577 1100 p.
620 1037 702 1096 80,
748 1038 811 1085 19
851 1037 896 1083 se?
934 1053 1050 1086 uero
1091 1036 1161 1104 (II
1193 1039 1220 1103 ξ
1254 1037 1452 1105 4—37)
1485 1040 1742 1105 leguntur.
1782 1040 1831 1089 in
1864 1055 2014 1090 usum

172 1120 516 1171 Gntschmidii
563 1121 718 1170 libros
767 1122 826 1171 de
873 1125 1134 1172 uetustate
1183 1124 1488 1174 Iudaeorum
1537 1141 1660 1175 anno
1713 1126 1848 1175 1873
1898 1141 2014 1176 con-

167 1206 290 1255 tulit
326 1206 520 1256 Aeneas
561 1206 754 1257 Siluius
800 1208 1150 1269 Piccolomini‚
1211 1210 1534 1260 collationem
1582 1211 1641 1260 ab
1689 1211 1829 1260 illius
1876 1211 2015 1262 here-

167 1293 317 1342 dibus
387 1291 485 1341 sibi
546 1295 886 1358 comparatam
942 1294 1069 1344 mihi
1122 1296 1334 1345 tradidit
1386 1296 1443 1347 B.
1495 1296 1667 1346 Niese.
1731 1297 1819 1346 sed
1887 1298 2016 1347 liber

167 1394 283 1428 cum
333 1382 470 1428 esset
516 1379 862 1444 compluribus
917 1381 1151 1431 manibus
1209 1384 1464 1432 correctus
1512 1383 1852 1446 nonnullaque
1908 1399 2015 1432 exa-

165 1463 441 1513 minatione
483 1464 792 1514 accuratiore
840 1465 1140 1531 indigerent,
1187 1467 1297 1531 ipse
1346 1483 1462 1517 enm
1507 1467 1756 1530 inspicere
1805 1468 2011 1532 cupiens

166 1565 368 1613 operam
418 1550 548 1610 dedi,
596 1553 652 1600 ut
697 1551 823 1599 mihi
862 1551 1156 1601 Berolinum
1203 1552 1651 1613 transmitteretur,
1701 1553 1788 1603 sed
1840 1570 2011 1618 quam-

166 1652 318 1701 quam
363 1636 578 1686 Bossius
631 1637 711 1686 uir
747 1637 1147 1700 illustrissimus,
1190 1639 1275 1702 qui
1315 1641 1515 1703 praeest
1552 1639 1703 1689 rebus
1742 1640 2014 1690 Borussiae

164 1721 527 1771 ecclesiasticis
605 1722 1028 1786 scholasticisque
1096 1724 1462 1774 humanissime
1531 1724 1893 1781 intercedebat,
1963 1726 2012 1775 id

166 1806 371 1871 quidem
431 1810 638 1871 propter
700 1807 888 1857 codicis
950 1810 1312 1873 praestantiam
1367 1810 1427 1859 ab
1481 1810 1562 1871 iis,
1619 1811 1705 1875 qui
1759 1810 1810 1860 in
1863 1812 2012 1860 Italia

166 1892 578 1942 administrandis
638 1893 964 1943 bibliothecis
1026 1899 1283 1958 praesunt,
1347 1896 1604 1959 impetrari
1665 1911 1763 1946 non
1825 1897 2011 1961 potuit.

163 1995 291 2043 qnae
345 1994 465 2028 uero
514 1979 639 2028 mihi
687 1979 841 2029 dubia
887 1982 1026 2030 erant
1072 1981 1265 2044 primus
1316 1981 1520 2045 quidem
1560 1982 1810 2032 Aemilius
1851 1983 2014 2047 Krey-

162 2080 310 2114 mann
350 2064 579 2115 Hartelio
620 2064 728 2114 uiro
771 2065 1052 2116 clarissimo
1094 2067 1326 2117 hortante
1368 2067 1695 2132 septuaginta.
1733 2068 1835 2118 fere
1866 2068 2010 2120 locis.

162 2150 341 2199 deinde
385 2149 550 2200 Guido
591 2150 740 2216 Biagi
778 2150 1117 2202 bibliothecae
1157 2152 1519 2202 Laurentianae
1560 2154 1846 2216 praefectus
1887 2154 2011 2203 mihi

160 2236 360 2302 roganti
401 2236 610 2286 comiter
650 2236 926 2286 obsecutus
965 2237 1176 2303 triginta
1214 2238 1339 2288 locis
1379 2240 1592 2302 uterque
1628 2239 2010 2289 accuratissime

164 2322 601 2373 confirmauerunt.
643 2322 865 2371 codicem
904 2323 1075 2372 littera
1113 2324 1151 2372 L
1192 2323 1381 2374 notaui.

233 2410 280 2457 2.
321 2407 765 2464 Laurentianus
805 2408 1122 2458 Mediceus
1162 2409 1291 2473 plut.
1324 2409 1486 2458 LXVI
1520 2410 1629 2459 cod.
1665 2412 1694 2456 {3
1730 2410 2005 2459 membran.

159 2509 294 2546 saec.
332 2492 438 2543 XVi
479 2493 734 2559 eleganter
773 2494 994 2558 scriptus
1035 2497 1084 2544 et
1122 2495 1332 2559 picturis
1380 2495 1667 2559 litterisque
1723 2495 2007 2544 initialibus

159 2579 369 2629 mirifice
425 2581 631 2629 ornatus
688 2581 886 2629 constat
938 2580 1074 2630 foliis
1131 2582 1232 2630 326
1292 2582 1340 2630 et
1395 2580 1619 2630 continet
1671 2580 2007 2644 Antiquitatis

159 2664 392 2715 Iudaicae
452 2665 507 2716 ll.
562 2665 672 2724 XX,
730 2668 902 2715 contra
948 2665 1194 2730 Apionem
1241 2666 1294 2716 ll.
1336 2666 1385 2715 11
1437 2666 1547 2732 (cfr.
1602 2665 1816 2715 Bandini
1871 2668 1908 2715 t.
1964 2665 2008 2714 V

156 2748 251 2819 (ΙΙ)
296 2767 346 2815 p.
397 2750 536 2816 783).
584 2751 789 2801 eaedem
836 2767 893 2802 ac
934 2752 1062 2802 libro
1108 2752 1258 2802 modo
1314 2752 1566 2817 descripto
1623 2752 1833 2801 lacunae
1888 2751 2006 2801 huic

160 2836 323 2886 codici
360 2835 550 2896 insunt,
593 2835 739 2885 cuius
777 2852 967 2900 paucos
1008 2839 1122 2886 ante
1163 2839 1212 2887 et
1250 2840 1368 2902 post
1406 2838 1520 2887 illas
1568 2838 1776 2887 lacunas
1825 2851 2007 2887 uersus

156 2922 285 2971 mihi
324 2922 591 2986 exscripsit
627 2921 897 2987 Augustus
938 2922 1177 2972 Haberda
1216 2938 1343 2972 anno
1388 2924 1541 2974 1892.

228 3008 276 3056 3.
317 3007 758 3057 Laurentianus
789 3008 1102 3058 Mediceus
1143 3009 1272 3072 plut.
1305 3008 1467 3058 LXVI
1500 3008 1610 3058 cod.
1647 3010 1673 3058 7
1709 3008 1921 3058 membr.
1955 3007 2004 3056 in

152 3093 242 3143 fol.
275 3093 465 3143 minore
500 3094 692 3145 saeculi
730 3091 836 3145 XVi
868 3109 1019 3143 manu
1061 3094 1281 3160 eleganti
1319 3094 1500 3144 Italica
1541 3093 1780 3158 scriptus,
1819 3093 2004 3142 litteris

152 3179 441 3229 initialibus
482 3179 697 3244 aliisque
736 3179 952 3245 picturis
994 3181 1200 3229 ornatus
1241 3182 1442 3230 constat
1487 3178 1594 3229 foll.
1638 3180 1735 3227 251
1792 3180 1842 3227 et
1890 3193 2002 3227 con-

150 3265 284 3315 tinet
334 3265 491 3315 libros
539 3265 634 3315 VII
683 3265 742 3315 de
790 3265 923 3315 bello
972 3265 1178 3315 Iudaico
1235 3267 1285 3314 et
1332 3267 1504 3315 contra
1553 3265 1801 3328 Apionem
1850 3263 1904 3314 11,
1957 3263 2006 3311 ll

151 3350 241 3416 (cf.
287 3343 592 3400 Bandinium
641 3354 676 3400 t.
726 3351 786 3402 V.
835 3349 925 3418 (11)
974 3367 1020 3415 p.
1072 3351 1211 3414 785).
1262 3349 1467 3400 eosdem
1515 3352 1573 3400 ut
1622 3364 1773 3412 supra
1824 3363 2004 3397 uersus

153 3436 344 3486 codicis
411 3436 642 3487 lacunosi
711 3436 977 3502 exscripsit
1037 3437 1307 3500 Augustus
1375 3434 1611 3485 Haberda
1680 3449 1810 3483 nunc
1879 3434 2003 3482 Bru-

156 3521 341 3572 nensis.

1895 3602 1941 3642 a*
